@book{
    deberg1997computational,
    author      = {Mark de Berg},
    title       = {Computational Geometry},
    publisher   = {Springer-Verlag GmbH},
    year        = {1997}
}

@book{
    klein1989concreteandabstract,
    author      = {Rolf Klein},
    title       = {Concrete and abstract Voronoi diagrams},
    publisher   = {Springer-Verlag GmbH},
    year        = {1989}
}

@book{
    aurenhammer2013voronoidiagrams,
    author      = {Franz Aurenhammer},
    title       = {Voronoi diagrams and Delaunay triangulations},
    publisher   = {World scientific},
    year        = {2013},
    isbn        = {978-981-4447-63-8}
}

@book{
    atsuyuki2000spatialtessellations,
    author      = {Atsuyuki Okabe},
    title       = {Spatial tessellations : concepts and algorithms of Voronoi diagrams},
    publisher   = {J. Wiley and Sons},
    year        = {2000},
    isbn        = {978-047-1986-35-5}
}

@book{
    klein2005algorithmischegeometrie,
    author      = {Rolf Klein},
    title       = {Algorithmische Geometrie},
    publisher   = {Springer-Verlag GmbH},
    year        = {2005},
    isbn        = {9783540209560}
}

@article{
    watson1981computingthe,
    author      = {D. F. Watson},
    title       = {Computing the n-dimensional Delaunay tessellation with application to Voronoi polytopes},
    journal     = {The Computer Journal},
    year        = {1981}
}

@techreport{
    aurenhammervoronoidiagrams,
    author      = {Franz Aurenhammer, Rolf Klein},
    title       = {Voronoi Diagrams},
    institution = {FernUniversit√§t Hagen},
    year        = {}
}

@book{schwartzman1994words,
  title={The Words of Mathematics: An Etymological Dictionary of Mathematical Terms Used in English : A Reference Book Decribing the Origins of Over 1500 Mathematical Terms Used in English, Including a Glossary that Explains the Historical and Linguistic Terms Used in the Book},
  author={Schwartzman, S.},
  series={Spectrum series},
  url={http://books.google.ch/books?id=FW-2YgEACAAJ},
  year={1994},
  publisher={Mathematical Association of America}
}

@book{goodrich2002algorithm,
  title={Algorithm Design: Foundations, Analysis, and Internet Examples},
  author={Goodrich, M.T. and Tamassia, R.},
  isbn={9780471383659},
  lccn={2002265982},
  url={http://books.google.ch/books?id=BJRBETtWD8cC},
  year={2002},
  publisher={Wiley}
}

@inproceedings{shamos1975closestpoint,
  author = {Shamos, Michael Ian and Hoey, Dan},
  title = {Closest-point Problems},
  booktitle = {Proceedings of the 16th Annual Symposium on Foundations of Computer Science},
  series = {SFCS '75},
  year = {1975},
  pages = {151--162},
  numpages = {12},
  url = {http://dx.doi.org/10.1109/SFCS.1975.8},
  doi = {10.1109/SFCS.1975.8},
  acmid = {1382488},
  publisher = {IEEE Computer Society},
  address = {Washington, DC, USA},
}
